@Manual{R-actuar,
  title = {actuar: Actuarial Functions and Heavy Tailed Distributions},
  author = {Vincent Goulet and Sebastien Auclair and Christophe Dutang and Xavier Milhaud and Tommy Ouellet and Louis-Philippe Pouliot and Mathieu Pigeon},
  year = {2016},
  note = {R package version 1.2-2},
  url = {https://CRAN.R-project.org/package=actuar},
}
@Manual{R-betareg,
  title = {betareg: Beta Regression},
  author = {Achim Zeileis and Francisco Cribari-Neto and Bettina Gruen and Ioannis Kosmidis},
  year = {2016},
  note = {R package version 3.1-0},
  url = {https://CRAN.R-project.org/package=betareg},
}
@Manual{R-broom,
  title = {broom: Convert Statistical Analysis Objects into Tidy Data Frames},
  author = {David Robinson},
  year = {2016},
  note = {R package version 0.4.1},
  url = {https://CRAN.R-project.org/package=broom},
}
@Manual{R-car,
  title = {car: Companion to Applied Regression},
  author = {John Fox and Sanford Weisberg},
  year = {2016},
  note = {R package version 2.1-3},
  url = {https://CRAN.R-project.org/package=car},
}
@Manual{R-corrplot,
  title = {corrplot: Visualization of a Correlation Matrix},
  author = {Taiyun Wei and Viliam Simko},
  year = {2016},
  note = {R package version 0.77},
  url = {https://CRAN.R-project.org/package=corrplot},
}
@Manual{R-CostOverrunsData,
  title = {CostOverrunsData: Cost Overruns In Australia},
  author = {Lucille Danks and Hugh Parsonage},
  year = {2016},
  note = {R package version 0.2.0},
}
@Manual{R-curl,
  title = {curl: A Modern and Flexible Web Client for R},
  author = {Jeroen Ooms},
  year = {2016},
  note = {R package version 2.1},
  url = {https://CRAN.R-project.org/package=curl},
}
@Manual{R-data.table,
  title = {data.table: Extension of Data.frame},
  author = {M Dowle and A Srinivasan and T Short and S Lianoglou with contributions from R Saporta and E Antonyan},
  year = {2015},
  note = {R package version 1.9.6},
  url = {https://CRAN.R-project.org/package=data.table},
}
@Manual{R-DBI,
  title = {DBI: R Database Interface},
  author = {{R Special Interest Group on Databases (R-SIG-DB)} and Hadley Wickham and Kirill Muller},
  year = {2016},
  note = {R package version 0.5-1},
  url = {https://CRAN.R-project.org/package=DBI},
}
@Manual{R-DescTools,
  title = {DescTools: Tools for Descriptive Statistics},
  author = {Andri Signorell. Includes R source code and/or documentation previously published by: Ken Aho and Nanina Anderegg and Tomas Aragon and Antti Arppe and Adrian Baddeley and Ben Bolker and Frederico Caeiro and Stephane Champely and Daniel Chessel and Leanne Chhay and Clint Cummins and Michael Dewey and Harold C. Doran and Stephane Dray and Charles Dupont and Dirk Eddelbuettel and Jeff Enos and Claus Ekstrom and Martin Elff and Kamil Erguler and Richard W. Farebrother and John Fox and Romain Francois and Michael Friendly and Tal Galili and Matthias Gamer and Joseph L. Gastwirth and Yulia R. Gel and Juergen Gross and Gabor Grothendieck and Frank E. {Harrell Jr} and Richard Heiberger and Michael Hoehle and Christian W. Hoffmann and Torsten Hothorn and Markus Huerzeler and Wallace W. Hui and Pete Hurd and Rob J. Hyndman and Pablo J. Villacorta Iglesias and Matthias Kohl and Mikko Korpela and Max Kuhn and Detlew Labes and Friederich Leisch and Jim Lemon and Dong Li and Martin Maechler and Arni Magnusson and Daniel Malter and George Marsaglia and John Marsaglia and Alina Matei and David Meyer and Weiwen Miao and Giovanni Millo and Yongyi Min and David Mitchell and Markus Naepflin and Daniel Navarro and Klaus Nordhausen and Derek Ogle and Hong Ooi and Nick Parsons and Sandrine Pavoine and Tony Plate and Roland Rapold and William Revelle and Tyler Rinker and Brian D. Ripley and Caroline Rodriguez and Nathan Russell and Venkatraman E. Seshan and Greg Snow and Michael Smithson and Werner A. Stahel and Mark Stevenson and Terry Therneau and Yves Tille and Adrian Trapletti and Kevin Ushey and Jeremy VanDerWal and Bill Venables and John Verzani and Gregory R. Warnes and Stefan Wellek and Hadley Wickham and Rand R. Wilcox and Peter Wolf and Daniel Wollschlaeger and Thomas Yee and Achim Zeileis},
  year = {2016},
  note = {R package version 0.99.17},
  url = {https://CRAN.R-project.org/package=DescTools},
}
@Manual{R-devtools,
  title = {devtools: Tools to Make Developing R Packages Easier},
  author = {Hadley Wickham and Winston Chang},
  year = {2016},
  note = {R package version 1.12.0},
  url = {https://CRAN.R-project.org/package=devtools},
}
@Manual{R-digest,
  title = {digest: Create Compact Hash Digests of R Objects},
  author = {Dirk Eddelbuettel},
  year = {2016},
  note = {R package version 0.6.10},
  url = {https://CRAN.R-project.org/package=digest},
}
@Manual{R-dplyr,
  title = {dplyr: A Grammar of Data Manipulation},
  author = {Hadley Wickham and Romain Francois},
  year = {2016},
  note = {R package version 0.5.0},
  url = {https://CRAN.R-project.org/package=dplyr},
}
@Manual{R-dtplyr,
  title = {dtplyr: Data Table Back-End for 'dplyr'},
  author = {Hadley Wickham},
  year = {2016},
  note = {R package version 0.0.1},
  url = {https://CRAN.R-project.org/package=dtplyr},
}
@Manual{R-Formula,
  title = {Formula: Extended Model Formulas},
  author = {Achim Zeileis and Yves Croissant},
  year = {2015},
  note = {R package version 1.2-1},
  url = {https://CRAN.R-project.org/package=Formula},
}
@Manual{R-ggplot2,
  title = {ggplot2: An Implementation of the Grammar of Graphics},
  author = {Hadley Wickham and Winston Chang},
  year = {2016},
  note = {R package version 2.1.0},
  url = {https://CRAN.R-project.org/package=ggplot2},
}
@Manual{R-grattan,
  title = {grattan: Create charts in the style of the Grattan Insitute, Melbourne; perform
common quantitative tasks for Australian policy analysts},
  author = {Hugh Parsonage and Tim Cameron and Brendan Coates and William Young},
  year = {2016},
  note = {R package version 0.3.2.1},
}
@Manual{R-Hmisc,
  title = {Hmisc: Harrell Miscellaneous},
  author = {Harrell, Jr., Frank E},
  year = {2016},
  note = {R package version 3.17-4},
  url = {https://CRAN.R-project.org/package=Hmisc},
}
@Manual{R-igraph,
  title = {igraph: Network Analysis and Visualization},
  author = {See AUTHORS file.},
  year = {2015},
  note = {R package version 1.0.1},
  url = {https://CRAN.R-project.org/package=igraph},
}
@Manual{R-ineq,
  title = {ineq: Measuring Inequality, Concentration, and Poverty},
  author = {Achim Zeileis},
  year = {2014},
  note = {R package version 0.2-13},
  url = {https://CRAN.R-project.org/package=ineq},
}
@Manual{R-lattice,
  title = {lattice: Trellis Graphics for R},
  author = {Deepayan Sarkar},
  year = {2016},
  note = {R package version 0.20-34},
  url = {https://CRAN.R-project.org/package=lattice},
}
@Manual{R-lmtest,
  title = {lmtest: Testing Linear Regression Models},
  author = {Torsten Hothorn and Achim Zeileis and Richard W. Farebrother and Clint Cummins},
  year = {2015},
  note = {R package version 0.9-34},
  url = {https://CRAN.R-project.org/package=lmtest},
}
@Manual{R-logistf,
  title = {logistf: Firth's bias reduced logistic regression},
  author = {Georg Heinze and Meinhard Ploner and Daniela Dunkler and Harry Southworth},
  year = {2013},
  note = {R package version 1.21},
  url = {https://CRAN.R-project.org/package=logistf},
}
@Manual{R-magrittr,
  title = {magrittr: A Forward-Pipe Operator for R},
  author = {Stefan Milton Bache and Hadley Wickham},
  year = {2014},
  note = {R package version 1.5},
  url = {https://CRAN.R-project.org/package=magrittr},
}
@Manual{R-MASS,
  title = {MASS: Support Functions and Datasets for Venables and Ripley's MASS},
  author = {Brian Ripley},
  year = {2016},
  note = {R package version 7.3-45},
  url = {https://CRAN.R-project.org/package=MASS},
}
@Manual{R-mfx,
  title = {mfx: Marginal Effects, Odds Ratios and Incidence Rate Ratios for GLMs},
  author = {Alan Fernihough},
  year = {2014},
  note = {R package version 1.1},
  url = {https://CRAN.R-project.org/package=mfx},
}
@Manual{R-mgcv,
  title = {mgcv: Mixed GAM Computation Vehicle with GCV/AIC/REML Smoothness
Estimation},
  author = {Simon Wood},
  year = {2016},
  note = {R package version 1.8-15},
  url = {https://CRAN.R-project.org/package=mgcv},
}
@Manual{R-mice,
  title = {mice: Multivariate Imputation by Chained Equations},
  author = {Stef {van Buuren} and Karin Groothuis-Oudshoorn},
  year = {2015},
  note = {R package version 2.25},
  url = {https://CRAN.R-project.org/package=mice},
}
@Manual{R-mixtools,
  title = {mixtools: Tools for Analyzing Finite Mixture Models},
  author = {Derek Young and Tatiana Benaglia and Didier Chauveau and David Hunter},
  year = {2016},
  note = {R package version 1.0.4},
  url = {https://CRAN.R-project.org/package=mixtools},
}
@Manual{R-nlme,
  title = {nlme: Linear and Nonlinear Mixed Effects Models},
  author = {Jose Pinheiro and Douglas Bates and {R-core}},
  year = {2016},
  note = {R package version 3.1-128},
  url = {https://CRAN.R-project.org/package=nlme},
}
@Manual{R-openxlsx,
  title = {openxlsx: Read, Write and Edit XLSX Files},
  author = {Alexander Walker},
  year = {2015},
  note = {R package version 3.0.0},
  url = {https://CRAN.R-project.org/package=openxlsx},
}
@Manual{R-plyr,
  title = {plyr: Tools for Splitting, Applying and Combining Data},
  author = {Hadley Wickham},
  year = {2016},
  note = {R package version 1.8.4},
  url = {https://CRAN.R-project.org/package=plyr},
}
@Manual{R-Rcpp,
  title = {Rcpp: Seamless R and C++ Integration},
  author = {Dirk Eddelbuettel and Romain Francois and JJ Allaire and Kevin Ushey and Qiang Kou and Douglas Bates and John Chambers},
  year = {2016},
  note = {R package version 0.12.7},
  url = {https://CRAN.R-project.org/package=Rcpp},
}
@Manual{R-readxl,
  title = {readxl: Read Excel Files},
  author = {Hadley Wickham},
  year = {2016},
  note = {R package version 0.1.1},
  url = {https://CRAN.R-project.org/package=readxl},
}
@Manual{R-rJava,
  title = {rJava: Low-Level R to Java Interface},
  author = {Simon Urbanek},
  year = {2016},
  note = {R package version 0.9-8},
  url = {https://CRAN.R-project.org/package=rJava},
}
@Manual{R-sandwich,
  title = {sandwich: Robust Covariance Matrix Estimators},
  author = {Thomas Lumley and Achim Zeileis},
  year = {2015},
  note = {R package version 2.3-4},
  url = {https://CRAN.R-project.org/package=sandwich},
}
@Manual{R-scales,
  title = {scales: Scale Functions for Visualization},
  author = {Hadley Wickham},
  year = {2016},
  note = {R package version 0.4.0},
  url = {https://CRAN.R-project.org/package=scales},
}
@Manual{R-survival,
  title = {survival: Survival Analysis},
  author = {Terry M Therneau},
  year = {2016},
  note = {R package version 2.39-5},
  url = {https://CRAN.R-project.org/package=survival},
}
@Manual{R-tidyr,
  title = {tidyr: Easily Tidy Data with `spread()` and `gather()` Functions},
  author = {Hadley Wickham},
  year = {2016},
  note = {R package version 0.6.0},
  url = {https://CRAN.R-project.org/package=tidyr},
}
@Manual{R-timeDate,
  title = {timeDate: Rmetrics - Chronological and Calendar Objects},
  author = {Rmetrics Core Team and Diethelm Wuertz and Tobias Setz and Yohan Chalabi and Martin Maechler and Joe W. Byers},
  year = {2015},
  note = {R package version 3012.100},
  url = {https://CRAN.R-project.org/package=timeDate},
}
@Manual{R-VGAM,
  title = {VGAM: Vector Generalized Linear and Additive Models},
  author = {Thomas W. Yee},
  year = {2016},
  note = {R package version 1.0-2},
  url = {https://CRAN.R-project.org/package=VGAM},
}
@Manual{R-xlsx,
  title = {xlsx: Read, write, format Excel 2007 and Excel 97/2000/XP/2003 files},
  author = {Adrian A. Dragulescu},
  year = {2014},
  note = {R package version 0.5.7},
  url = {https://CRAN.R-project.org/package=xlsx},
}
@Manual{R-xlsxjars,
  title = {xlsxjars: Package required POI jars for the xlsx package},
  author = {Adrian A. Dragulescu},
  year = {2014},
  note = {R package version 0.6.1},
  url = {https://CRAN.R-project.org/package=xlsxjars},
}
@Manual{R-zoo,
  title = {zoo: S3 Infrastructure for Regular and Irregular Time Series (Z's
Ordered Observations)},
  author = {Achim Zeileis and Gabor Grothendieck and Jeffrey A. Ryan},
  year = {2016},
  note = {R package version 1.7-13},
  url = {https://CRAN.R-project.org/package=zoo},
}
